<record><leader>00000cas a2200000 a 4500</leader><controlfield tag="001">42902698</controlfield><controlfield tag="008">991130d194u19uucauwr ne      0    0eng c</controlfield><datafield ind1=" " ind2=" " tag="010"><subfield code="a">sn 99060952 </subfield></datafield><datafield ind1=" " ind2=" " tag="040"><subfield code="a">CNK</subfield><subfield code="b">eng</subfield><subfield code="c">CNK</subfield><subfield code="d">OCLCQ</subfield><subfield code="d">OCLCF</subfield><subfield code="d">OCLCO</subfield></datafield><datafield ind1=" " ind2=" " tag="042"><subfield code="a">pcc</subfield></datafield><datafield ind1=" " ind2=" " tag="043"><subfield code="a">n-us-ca</subfield></datafield><datafield ind1="0" ind2=" " tag="130"><subfield code="a">Bostonian (El Cajon, Calif.)</subfield></datafield><datafield ind1="1" ind2="4" tag="245"><subfield code="a">The Bostonian.</subfield></datafield><datafield ind1=" " ind2=" " tag="260"><subfield code="a">Bostonia, San Diego County, Calif. :</subfield><subfield code="b">Claude Barton</subfield></datafield><datafield ind1=" " ind2=" " tag="300"><subfield code="a">v.</subfield></datafield><datafield ind1=" " ind2=" " tag="310"><subfield code="a">Weekly</subfield></datafield><datafield ind1=" " ind2=" " tag="588"><subfield code="a">Description based on: Vol. 1, no. 34 (May 19, 1949).</subfield></datafield><datafield ind1=" " ind2="0" tag="651"><subfield code="a">El Cajon (Calif.)</subfield><subfield code="v">Newspapers.</subfield></datafield><datafield ind1=" " ind2="7" tag="655"><subfield code="a">Newspapers.</subfield><subfield code="2">fast</subfield><subfield code="0">(OCoLC)fst01423814</subfield></datafield><datafield ind1=" " ind2="7" tag="651"><subfield code="a">California</subfield><subfield code="z">El Cajon.</subfield><subfield code="2">fast</subfield><subfield code="0">(OCoLC)fst01217088</subfield></datafield><datafield ind1=" " ind2=" " tag="752"><subfield code="a">United States</subfield><subfield code="b">California</subfield><subfield code="c">San Diego</subfield><subfield code="d">El Cajon.</subfield></datafield></record>